% This file was created with JabRef 2.10.
% Encoding: UTF8


@Book{Kubernetes_up_and_running,
  Title                    = {Kubernetes: Up and Running: Dive Into the Future of Infrastructure},
  Author                   = {{Brendan Burns},{Joe Beda},{Kelsey Hightower}},
  Publisher                = {O'Reilly UK Ltd.},
  Year                     = {2019},

  Address                  = {1005 Gravenstein Highway North, Sebastopol, CA 95472, USA},
  Edition                  = {2},

  ISBN                     = {1492046531, 978-1492046530}
}

@Booklet{Gesundheitsdatenschutz,
  Title                    = {Orientierungshilfe zum Gesundheitsdatenschutz},
  Author                   = {{Bundesministerium für Wirtschaft und Energie}},
  Publisher                = {Druck- und Verlagshaus Zarbock GmbH & Co. KG},
  Year                     = {2018},
  Address                  = {60386 Frankfurt am Main}
}

@online{Netzlink_history,
  author = {{Netzlink Informationstechnik GmbH}},
  title = {{Netzlink} Homepage},
  year = 2020,
  url = {https://netzlink.com/ueber-uns/},
  urldate = {2020-10-06}
}

@online{HZI_about,
  author = {{Helmholtz Zentrum für Infektionsforschung GmbH}},
  title = {{HZI} Homepage},
  year = 2020,
  url = {https://www.helmholtz-hzi.de/de/das-hzi/ueber-das-hzi/das-hzi/},
  urldate = {2020-10-07}
}

@online{SORMAS_history,
  author = {{Helmholtz Zentrum für Infektionsforschung GmbH}},
  title = {{SORMAS} Geschichte},
  year = 2020,
  url = {https://sormasorg.helmholtz-hzi.de/History_SORMAS.html},
  urldate = {2020-10-07}
}

@online{SORMAS_covid,
  author = {{Helmholtz Zentrum für Infektionsforschung GmbH}},
  title = {{SORMAS} COVID19},
  year = 2020,
  url = {https://sormasorg.helmholtz-hzi.de/Covid19.html},
  urldate = {2020-10-07}
}

@online{GAs,
  author = {{Robert Koch Institut}},
  title = {{Robert Koch Institut}Tag des Gesundheitsamtes},
  year = 2020,
  url = {https://www.rki.de/DE/Content/Institut/Tag_des_Gesundheitsamtes/TdGA_Hintergrund/TdGA_Hintergrund_node.html},
  urldate = {2020-10-07}
}
